@article{taskin2017fuzzy,
  title={Fuzzy PID controller for propeller pendulum},
  author={Taskin, Yener},
  journal={Istanbul University-Journal of Electrical \& Electronics Engineering},
  volume={17},
  number={1},
  pages={3201--3207},
  year={2017}
}
@article{habib2017nonlinear,
  title={Nonlinear model-based parameter estimation and stability analysis of an aero-pendulum subject to digital delayed control},
  author={Habib, Giuseppe and Miklos, Akos and Enikov, Eniko T and Stepan, Gabor and Rega, Giuseppe},
  journal={International Journal of Dynamics and Control},
  volume={5},
  number={3},
  pages={629--643},
  year={2017},
  publisher={Springer}
}

@misc{MitLagrange,
 author = {{Kim Vandiver, MIT OpenCourseWare}},
 year = {2013},
 month = {Setiembre},
 title = {Introduction to Lagrange},
howpublished = {\url{https://www.youtube.com/watch?v=zhk9xLjrmi4&t=893s}},
note = {Online; MIT 2.003SC Engineering Dynamics, Fall 2011}
}

@incollection{wie:2013,
   author      = "Alan V. Oppenheim",
   title       = "Lecture 5: Properties of linear, time-invariant systems",
   booktitle   = "Signals and Systems",
   year        = 1993,
   organization= "Massachusetts Institute of Technology",
   address     = "Cambridge~MA",
   note        = "{MIT OpenCourseWare}",
   url         = "https://ocw.mit.edu/resources/res-6-007-signals-and-systems-spring-2011/lecture-notes/",
}
@incollection{reyes:2020,
   author      = "Fernando Reyes Cortez",
   title       = "Parte VII: Diferenciación Numérica, Preliminares Matemáticos ",
   booktitle   = "Control de Robots Manipuladores",
   year        = 2020,
   organization= "Benemerita Universidad Autonoma de Puebla",
   address     = "Cambridge~MA",
   note        = "{Benemerita Universidad Autónoma de Puebla}",
   url         = "ftp://ece.buap.mx/pub/profesor/FernandoReyes/Robotica",
}
@book{katsuhiko2010modern,
  title={Modern control engineering},
  author={Katsuhiko, Ogata},
  year={2010},
  publisher={Pearson}
}